<record><leader>00000cas a2200000 a 4500</leader><controlfield tag="001">9235812</controlfield><controlfield tag="008">830218d19791989meudr ne      0    0eng  </controlfield><datafield ind1=" " ind2=" " tag="010"><subfield code="a">sn 83009625 </subfield></datafield><datafield ind1=" " ind2=" " tag="040"><subfield code="a">DLC</subfield><subfield code="b">eng</subfield><subfield code="c">DLC</subfield><subfield code="d">NPX</subfield><subfield code="d">DLC</subfield><subfield code="d">MBN</subfield><subfield code="d">OCLCQ</subfield><subfield code="d">DLC</subfield><subfield code="d">OCLCQ</subfield><subfield code="d">OCLCO</subfield><subfield code="d">OCLCF</subfield></datafield><datafield ind1="1" ind2=" " tag="029"><subfield code="a">AU@</subfield><subfield code="b">000025819932</subfield></datafield><datafield ind1=" " ind2=" " tag="037"><subfield code="b">Lewiston journal, 104 Park St., Lewiston, Me., 04240</subfield></datafield><datafield ind1=" " ind2=" " tag="042"><subfield code="a">pcc</subfield></datafield><datafield ind1=" " ind2=" " tag="043"><subfield code="a">n-us-me</subfield></datafield><datafield ind1="0" ind2="0" tag="050"><subfield code="a">Newspaper</subfield></datafield><datafield ind1="0" ind2="0" tag="245"><subfield code="a">Lewiston journal.</subfield></datafield><datafield ind1="3" ind2="0" tag="246"><subfield code="a">Sunday sun-journal</subfield></datafield><datafield ind1=" " ind2=" " tag="260"><subfield code="a">Lewiston-Auburn, Me. :</subfield><subfield code="b">[s.n.]</subfield></datafield><datafield ind1=" " ind2=" " tag="300"><subfield code="a">v. :</subfield><subfield code="b">ill. (chiefly advertisements) ;</subfield><subfield code="c">58 cm.</subfield></datafield><datafield ind1=" " ind2=" " tag="310"><subfield code="a">Daily (except Christmas),</subfield><subfield code="b">Oct. 2, 1983-</subfield></datafield><datafield ind1=" " ind2=" " tag="321"><subfield code="a">Daily (except Sun. and holidays),</subfield><subfield code="b">1979-Sept. 1983</subfield></datafield><datafield ind1="0" ind2=" " tag="362"><subfield code="a">Vol. 119 (Oct. 15, 1979)-v. 125 (June 3, 1989).</subfield></datafield><datafield ind1=" " ind2=" " tag="500"><subfield code="a">On Sundays published as: Sunday sun-journal, Oct. 2, 1983-</subfield></datafield><datafield ind1=" " ind2=" " tag="500"><subfield code="a">"Independent Republican."</subfield></datafield><datafield ind1=" " ind2=" " tag="580"><subfield code="a">Merged with: Lewiston daily sun, to form: Sun-journal (Lewiston, Me.).</subfield></datafield><datafield ind1=" " ind2="0" tag="651"><subfield code="a">Lewiston (Me.)</subfield><subfield code="v">Newspapers.</subfield></datafield><datafield ind1=" " ind2="0" tag="651"><subfield code="a">Auburn (Me.)</subfield><subfield code="v">Newspapers.</subfield></datafield><datafield ind1=" " ind2="7" tag="655"><subfield code="a">Newspapers.</subfield><subfield code="2">fast</subfield><subfield code="0">(OCoLC)fst01423814</subfield></datafield><datafield ind1=" " ind2="7" tag="651"><subfield code="a">Maine</subfield><subfield code="z">Auburn.</subfield><subfield code="2">fast</subfield><subfield code="0">(OCoLC)fst01222169</subfield></datafield><datafield ind1=" " ind2="7" tag="651"><subfield code="a">Maine</subfield><subfield code="z">Lewiston.</subfield><subfield code="2">fast</subfield><subfield code="0">(OCoLC)fst01220199</subfield></datafield><datafield ind1=" " ind2=" " tag="752"><subfield code="a">United States</subfield><subfield code="b">Maine</subfield><subfield code="c">Androscoggin</subfield><subfield code="d">Lewiston.</subfield></datafield><datafield ind1=" " ind2=" " tag="752"><subfield code="a">United States</subfield><subfield code="b">Maine</subfield><subfield code="c">Androscoggin</subfield><subfield code="d">Auburn.</subfield></datafield><datafield ind1="0" ind2="0" tag="780"><subfield code="t">Lewiston evening journal</subfield><subfield code="w">(DLC)sn 84022486</subfield></datafield><datafield ind1="1" ind2="7" tag="785"><subfield code="t">Lewiston daily sun</subfield><subfield code="w">(DLC)sn 83009648</subfield></datafield><datafield ind1="1" ind2="7" tag="785"><subfield code="t">Sun-journal (Lewiston, Me.)</subfield><subfield code="w">(OCoLC)26622959</subfield></datafield></record>